@electronic{how-mbed-works,
    author="ARM.mbed",
    title="How mbed works",
    url="http://{developer.mbed.org}/handbook/How-mbed-works [Accessed: Apr. 15, 2015]"
}

@electronic{mbed-picture,
    author="Pete Cooper",
    title="MBED Resources",
    url="module.cs.york.ac.uk/empr/mbed\_resources/graphics/MPC\_TNG\_2 [Accessed: Apr. 15 2015]"
}
